<?xml version="1.0" encoding="UTF-8"?><record xmlns="http://www.loc.gov/MARC21/slim" xmlns:cinclude="http://apache.org/cocoon/include/1.0" xmlns:zs="http://www.loc.gov/zing/srw/">
  <leader>00593cz  a2200157n  4500</leader>
  <controlfield tag="001">n 2002110848</controlfield>
  <controlfield tag="003">DLC</controlfield>
  <controlfield tag="005">20040205052846.0</controlfield>
  <controlfield tag="008">020923n| acannaabn          |a aaa      </controlfield>
  <datafield tag="010" ind1=" " ind2=" ">
    <subfield code="a">n 2002110848</subfield>
  </datafield>
  <datafield tag="035" ind1=" " ind2=" ">
    <subfield code="a">(OCoLC)oca05871603</subfield>
  </datafield>
  <datafield tag="040" ind1=" " ind2=" ">
    <subfield code="a">DLC</subfield>
    <subfield code="b">eng</subfield>
    <subfield code="c">DLC</subfield>
    <subfield code="d">DLC</subfield>
    <subfield code="d">SaPrUSA</subfield>
  </datafield>
  <datafield tag="100" ind1="1" ind2=" ">
    <subfield code="a">García, Alberto L.</subfield>
  </datafield>
  <datafield tag="400" ind1="1" ind2=" ">
    <subfield code="a">García, Alberto Lázaro</subfield>
  </datafield>
  <datafield tag="670" ind1=" " ind2=" ">
    <subfield code="a">The theology of the cross for the 21st century, 2002:</subfield>
    <subfield code="b">ECIP t.p. (Alberto L. Garcia) bk. t.p. (Alberto L. García)</subfield>
  </datafield>
  <datafield tag="670" ind1=" " ind2=" ">
    <subfield code="a">Theology of the cross, 1987:</subfield>
    <subfield code="b">t.p. (Alberto Lázaro García) UMI t.p. (García, Alberto Lázaro, Th.D.)</subfield>
  </datafield>
</record>